@article{zhang,
author = {Zhang, G},
year = {2018},
month = {03},
pages = {},
title = {Precise algorithm to generate random sequential adsorption of hard polygons at saturation},
volume = {97},
journal = {Physical Review E},
doi = {10.1103/PhysRevE.97.043311}
}

@article{feder,
title = "Random sequential adsorption",
journal = "Journal of Theoretical Biology",
volume = "87",
number = "2",
pages = "237 - 254",
year = "1980",
issn = "0022-5193",
doi = "https://doi.org/10.1016/0022-5193(80)90358-6",
url = "http://www.sciencedirect.com/science/article/pii/0022519380903586",
author = "Jens Feder"
}

@article{ebeida,
author = {Ebeida, Mohamed S. and Mitchell, Scott A. and Patney, Anjul and Davidson, Andrew A. and Owens, John D.},
title = {A Simple Algorithm for Maximal Poisson-Disk Sampling in High Dimensions},
journal = {Computer Graphics Forum},
volume = {31},
number = {2pt4},
pages = {785-794},
keywords = {Computing Methodologies I.3.5: Computer Graphicsâ€”Computational Geometry and Object Modeling},
doi = {10.1111/j.1467-8659.2012.03059.x},
url = {https://onlinelibrary.wiley.com/doi/abs/10.1111/j.1467-8659.2012.03059.x},
eprint = {https://onlinelibrary.wiley.com/doi/pdf/10.1111/j.1467-8659.2012.03059.x}
}
